@INPROCEEDINGS{hector_slam,
  author = {S. Kohlbrecher and J. Meyer and O. von Stryk and U. Klingauf},
  title = {A Flexible and Scalable SLAM System with Full 3D Motion Estimation},
  year = {2011},
  month = {November},
  booktitle = {Proc. IEEE International Symposium on Safety, Security and Rescue Robotics (SSRR)},
  organization = {IEEE},
}
