@inbook{inbookhandbook,
author = {Siciliano, Bruno and Khatib, Oussama},
edition = {2nd},
isbn = {3319325507, 9783319325507},
publisher = {Springer Publishing Company, Incorporated},
title = {{Springer Handbook of Robotics}},
year = {2016},
chapter = {46},
pages = {1153-1175}
}
